@article{efron1979bootstrap,
  title={Bootstrap Methods: Another Look at the Jackknife},
  author={Efron, B and others},
  journal={The Annals of Statistics},
  volume={7},
  number={1},
  pages={1--26},
  year={1979},
  publisher={Institute of Mathematical Statistics}
}

@article{mcshane2008count,
  title={Count models based on Weibull interarrival times},
  author={McShane, Blake and Adrian, Moshe and Bradlow, Eric T and Fader, Peter S},
  journal={Journal of Business \& Economic Statistics},
  volume={26},
  number={3},
  pages={369--378},
  year={2008},
  publisher={Taylor \& Francis}
}

@article{baker2017event,
  title={Event count distributions from renewal processes: fast computation of probabilities},
  author={Baker, Rose and Kharrat, Tarak},
  journal={IMA Journal of Management Mathematics},
  year={2017},
  url = {http://dx.doi.org/10.1093/imaman/dpx008},
  publisher={Oxford University Press}
}

@article{kharrat2015jss,
  title={{StableEstim}: An R Package for Estimating the Stable Laws Parameters and Running Monte Carlo Simulations},
  author={Kharrat, Tarak and Boshnakov, Georgi},
  journal = {Journal of Statistical Software},
  year = {2015}
}

@article{kharrat2018jss,
  title={Flexible Regression for Count Data Based on Renewal Processes: The {Countr} Package},
  author={Kharrat, Tarak and Boshnakov, Georgi},
  journal = {Journal of Statistical Software},
  year = {2018}
}

@book{cameron2013regression,
  title={Regression analysis of count data},
  author={Cameron, A Colin and Trivedi, Pravin K},
  volume={53},
  year={2013},
  publisher={Cambridge university press}
}


@Manual{Rcore,
  title = {R: A Language and Environment for Statistical Computing},
  author = {{R Core Team}},
  organization = {R Foundation for Statistical Computing},
  address = {Vienna, Austria},
  year = {2017},
  url = {https://www.R-project.org/}
}

@Manual{RpackageCountr,
  title = {Countr: Flexible Univariate Count Models Based on Renewal Processes},
  author = {Tarak Kharrat and Georgi N. Boshnakov},
  year = {2017},
  note = {R package version 3.4.0},
  url = {https://CRAN.R-project.org/package=Countr}
}

@article{winkelmann1995duration,
  title={Duration Dependence and Dispersion in Count-Data Models},
  author={Winkelmann, Rainer},
  journal={Journal of Business \& Economic Statistics},
  volume={13},
  number={4},
  pages={467--474},
  year={1995},
  publisher={Taylor \& Francis}
}

@Book{ggplot2Pkg,
    author = {Hadley Wickham},
    title = {ggplot2: Elegant Graphics for Data Analysis},
    publisher = {Springer-Verlag New York},
    year = {2009},
    isbn = {978-0-387-98140-6},
    url = {http://ggplot2.org}
  }

@Manual{rbench2012,
    title = {rbenchmark: Benchmarking routine for R},
    author = {Wacek Kusnierczyk},
    year = {2012},
    note = {R package version 1.0.0},
    url = {https://CRAN.R-project.org/package=rbenchmark}
  }

@Article{lmtest2002,
    title = {Diagnostic Checking in Regression Relationships},
    author = {Achim Zeileis and Torsten Hothorn},
    journal = {R News},
    year = {2002},
    volume = {2},
    number = {3},
    pages = {7--10},
    url = {https://CRAN.R-project.org/doc/Rnews/},
  }

@Manual{boot2017,
    title = {boot: Bootstrap R (S-Plus) Functions},
    author = {Angelo Canty and B. D. Ripley},
    year = {2017},
    note = {R package version 1.3-20},
  }

@article{boshnakov2017bivariate,
  title={A bivariate Weibull count model for forecasting association football scores},
  author={Boshnakov, Georgi and Kharrat, Tarak and McHale, Ian G},
  journal={International Journal of Forecasting},
  volume={33},
  number={2},
  pages={458--466},
  year={2017},
  publisher={Elsevier}
}

@article{kharrat2017plusminus,
  title={Plus-Minus Player Ratings for Soccer},
  author={Kharrat, Tarak and McHale, Ian G and Lopez Pena, Javier},
  journal={Journal of Machine Learing},
  year={2017},
  publisher={Elsevier}
}


@book{TarakPhd,
  title={A Journey Across Football Modelling with Application to Algorithmic Trading (PhD Thesis)},
  author={Kharrat, Tarak},
  year={2016},
  publisher={University of Manchester}
}

@article{dixon1997modelling,
  title={Modelling association football scores and inefficiencies in the football betting market},
  author={Dixon, Mark J and Coles, Stuart G},
  journal={Journal of the Royal Statistical Society: Series C (Applied Statistics)},
  volume={46},
  number={2},
  pages={265--280},
  year={1997},
  publisher={Wiley Online Library}
}

@article{dixon1998birth,
  title={A birth process model for association football matches},
  author={Dixon, Mark and Robinson, Michael},
  journal={Journal of the Royal Statistical Society: Series D (The Statistician)},
  volume={47},
  number={3},
  pages={523--538},
  year={1998},
  publisher={Wiley Online Library}
}

@Manual{dplyr2016,
    title = {dplyr: A Grammar of Data Manipulation},
    author = {Hadley Wickham and Romain Francois},
    year = {2016},
    note = {R package version 0.5.0},
    url = {https://CRAN.R-project.org/package=dplyr},
  }

@incollection{heil2006oomph,
  title={oomph-lib--an object-oriented multi-physics finite-element library},
  author={Heil, Matthias and Hazel, Andrew L},
  booktitle={Fluid-structure interaction},
  pages={19--49},
  year={2006},
  publisher={Springer}
}

@misc{johnsonnlopt,
  title={Nlopt library},
  author={Johnson, SG and Joannopoulos, JD and Solja{\v{c}}i{\'c}, M},
  \url={https://nlopt.readthedocs.io/en/latest/}
}

@article{sanderson2016armadillo,
  title={Armadillo: a template-based C++ library for linear algebra},
  author={Sanderson, Conrad and Curtin, Ryan},
  journal={Journal of Open Source Software},
  year={2016},
  url={http://arma.sourceforge.net/},
  publisher={Journal of Open Source Software}
}

@misc{jacob2012eigen,
  title={Eigen is a C++ template library for linear algebra: Matrices, vectors, numerical solvers, and related algorithms},
  author={Jacob, B and Guennebaud, G},
  url={http://eigen.tuxfamily.org/index.php?title=Main_Page},
  year={2012}
}

@article{dagum1998openmp,
  title={OpenMP: an industry standard API for shared-memory programming},
  author={Dagum, Leonardo and Menon, Ramesh},
  journal={IEEE computational science and engineering},
  volume={5},
  number={1},
  pages={46--55},
  year={1998},
  url={https://bisqwit.iki.fi/story/howto/openmp/},
  publisher={IEEE}
}

@article{kuhn2008caret,
  title={Caret package},
  author={Kuhn, Max and others},
  journal={Journal of statistical software},
  volume={28},
  number={5},
  pages={1--26},
  year={2008}
}

@article{candel2016deep,
  title={Deep learning with H2O},
  author={Candel, Arno and Parmar, Viraj and LeDell, Erin and Arora, Anisha},
  journal={H2O. ai Inc},
  year={2016}
}

@article{chollet2015keras,
  title={Keras: Deep learning library for theano and tensorflow.(2015)},
  author={Chollet, Fran{\c{c}}ois and others},
  url={https://keras.rstudio.com/},
  year={2015}
}

@article{analytics2014doparallel,
  title={doParallel: Foreach parallel adaptor for the parallel package},
  author={Analytics, Revolution and Weston, Steve},
  journal={R package version},
  volume={1},
  number={8},
  year={2014}
}

@article{heil2012quasi,
  title={Quasi-resonances in sound-insulating coatings},
  author={Heil, Matthias and Kharrat, Tarak and Cotterill, Philip A and Abrahams, I David},
  journal={Journal of Sound and Vibration},
  volume={331},
  number={21},
  pages={4774--4784},
  year={2012},
  publisher={Elsevier}
}

@article{baines2014rcuda,
  title={{Rcuda}: General programming facilities for gpus in r},
  author={Baines, Paul},
  year={2014}
}