@article{heil2012quasi,
  title={Quasi-resonances in sound-insulating coatings},
  author={Heil, Matthias and Kharrat, Tarak and Cotterill, Philip A and Abrahams, I David},
  journal={Journal of Sound and Vibration},
  volume={331},
  number={21},
  pages={4774--4784},
  year={2012},
  publisher={Elsevier}
}

@incollection{heil2006oomph,
  title={oomph-lib--an object-oriented multi-physics finite-element library},
  author={Heil, Matthias and Hazel, Andrew L},
  booktitle={Fluid-structure interaction},
  pages={19--49},
  year={2006},
  publisher={Springer}
}

@article{boshnakov2017bivariate,
  title={A bivariate Weibull count model for forecasting association football scores},
  author={Boshnakov, Georgi and Kharrat, Tarak and McHale, Ian G},
  journal={International Journal of Forecasting},
  volume={33},
  number={2},
  pages={458--466},
  year={2017},
  publisher={Elsevier}
}

@article{baker2018event,
title={Event count distributions from renewal processes: fast computation of probabilities},
author={Baker, Rose and Kharrat, Tarak},
journal={IMA Journal of Management Mathematics},
volume={29}, number={4},
pages={415--433},
year={2018},
publisher={Oxford University Press}
}

@article{kharrat2019flexible,
  title={Flexible regression models for count data based on renewal processes: The Countr package},
  author={Kharrat, Tarak and Boshnakov, Georgi N and McHale, Ian and Baker, Rose},
  journal={Journal of Statistical Software},
  volume={90},
  number={13},
  pages={1--35},
  year={2019}
}

@article{kharrat2019plus,
  title={Plus--minus player ratings for soccer},
  author={Kharrat, Tarak and McHale, Ian G and Pe{\~n}a, Javier L{\'o}pez},
  journal={European Journal of Operational Research},
  volume={283},
  number={2},
  pages={726--736},
  year={2020},
  publisher={Elsevier}
}

@Manual{Rcore,
  title = {R: A Language and Environment for Statistical Computing},
  author = {{R Core Team}},
  organization = {R Foundation for Statistical Computing},
  address = {Vienna, Austria},
  year = {2019},
  url = {https://www.R-project.org/},
}

@article{sharma19_deepin,
  author =       {Alok Sharma and Edwin Vans and Daichi Shigemizu and Keith A.
                  Boroevich and Tatsuhiko Tsunoda},
  title =        {Deepinsight: a Methodology To Transform a Non-Image Data To an
                  Image for Convolution Neural Network Architecture},
  journal =      {Scientific Reports},
  volume =       9,
  number =       1,
  pages =        11399,
  year =         2019,
  doi =          {10.1038/s41598-019-47765-6},
  url =          {https://doi.org/10.1038/s41598-019-47765-6},
  DATE_ADDED =   {Tue Jan 21 11:14:29 2020},
}

@article{franks16_meta_analy,
  author =       {Alexander M. Franks and Alexander D'Amour and Daniel Cervone
                  and Luke Bornn},
  title =        {Meta-Analytics: Tools for Understanding the Statistical
                  Properties of Sports Metrics},
  journal =      {Journal of Quantitative Analysis in Sports},
  volume =       12,
  number =       4,
  pages =        {nil},
  year =         2016,
  doi =          {10.1515/jqas-2016-0098},
  url =          {https://doi.org/10.1515/jqas-2016-0098},
  DATE_ADDED =   {Tue Jan 21 11:20:11 2020},
}

@inbook{beyersmann11_time,
  DATE_ADDED =   {Tue Jan 21 11:23:52 2020},
  author =       {Jan Beyersmann and Martin Schumacher and Arthur Allignol},
  booktitle =    {Competing Risks and Multistate Models with R},
  doi =          {10.1007/978-1-4614-2035-4_11},
  pages =        {211-226},
  publisher =    {Springer New York},
  series =       {Competing Risks and Multistate Models with R},
  title =        {Time-dependent covariates and multistate models},
  url =          {https://doi.org/10.1007/978-1-4614-2035-4_11},
  year =         {2011},
}

@article{Dick_2019,
  author       = {Dick, Uwe and Brefeld, Ulf},
  title        = {Learning to Rate Player Positioning in Soccer},
  year         = 2019,
  volume       = 7,
  number       = 1,
  month        = {Mar},
  pages        = {71â€“82},
  issn         = {2167-647X},
  doi          = {10.1089/big.2018.0054},
  url          = {http://dx.doi.org/10.1089/big.2018.0054},
  journal      = {Big Data},
  publisher    = {Mary Ann Liebert Inc}
}

@article{kharrat20deep,
  author =       {Guiliang, Liu and Yudong, Luo and Oliver, Shulte and Tarak, Kharrat
                  and Luke Bornn},
  title =        {Deep soccer analytics: Learning an action-value function forevaluating soccer players},
  journal =      {Data Mining and Knowledge Discovery},
  volume =       {nil},
  number =       {nil},
  pages =        {nil},
  year =         2020,
  doi =          {nil},
  url =          {nil}
}

@article{johnstone11_tailor_scorin_rules_probab,
  author =       {David J. Johnstone and Victor Richmond R. Jose and Robert L.
                  Winkler},
  title =        {Tailored Scoring Rules for Probabilities},
  journal =      {Decision Analysis},
  volume =       8,
  number =       4,
  pages =        {256-268},
  year =         2011,
  doi =          {10.1287/deca.1110.0216},
  url =          {https://doi.org/10.1287/deca.1110.0216},
  DATE_ADDED =   {Mon Feb 3 09:02:20 2020},
}

@inproceedings{caruana04_ensem,
  author =       {Rich Caruana and Alexandru Niculescu-Mizil and Geoff Crew and
                  Alex Ksikes},
  title =        {Ensemble selection from libraries of models},
  booktitle =    {Twenty-first international conference on Machine learning -
                  ICML '04},
  year =         2004,
  pages =        {nil},
  doi =          {10.1145/1015330.1015432},
  url =          {https://doi.org/10.1145/1015330.1015432},
  DATE_ADDED =   {Mon Feb 3 09:18:12 2020},
  month =        {-},
}

@article{dalex2018,
    title = {DALEX: Explainers for Complex Predictive Models in R},
    author = {Przemyslaw Biecek},
    journal = {Journal of Machine Learning Research},
    year = 2018,
    volume = {19},
    pages = {1-5},
    number = {84},
    url = {http://jmlr.org/papers/v19/18-416.html}
}

@article{Eddelbuettel2017rcpp,
    title = {{Extending extit{R} with extit{C++}: A Brief Introduction
      to extit{Rcpp}}},
    author = {Dirk Eddelbuettel and James Joseph Balamuta},
    journal = {PeerJ Preprints},
    year = {2017},
    month = {aug},
    volume = {5},
    pages = {e3188v1},
    issn = {2167-9843},
    url = {https://doi.org/10.7287/peerj.preprints.3188v1},
    doi = {10.7287/peerj.preprints.3188v1},
  }

